<record><leader>00000cas a22000007a 4500</leader><controlfield tag="001">17962585</controlfield><controlfield tag="008">880517d18821887mnuwr ne      0    0eng d</controlfield><datafield ind1=" " ind2=" " tag="010"><subfield code="a">sn 88086178 </subfield></datafield><datafield ind1=" " ind2=" " tag="040"><subfield code="a">NPV</subfield><subfield code="b">eng</subfield><subfield code="c">NPV</subfield><subfield code="d">NYG</subfield><subfield code="d">NYS</subfield><subfield code="d">NYG</subfield><subfield code="d">OCL</subfield><subfield code="d">MN#</subfield><subfield code="d">OCLCQ</subfield><subfield code="d">OCLCO</subfield><subfield code="d">OCLCF</subfield></datafield><datafield ind1=" " ind2=" " tag="019"><subfield code="a">1755473</subfield></datafield><datafield ind1="1" ind2=" " tag="029"><subfield code="a">AU@</subfield><subfield code="b">000025822372</subfield></datafield><datafield ind1=" " ind2=" " tag="042"><subfield code="a">msc</subfield></datafield><datafield ind1=" " ind2=" " tag="043"><subfield code="a">n-us-mn</subfield></datafield><datafield ind1=" " ind2=" " tag="052"><subfield code="a">4144</subfield><subfield code="b">L2</subfield></datafield><datafield ind1=" " ind2=" " tag="052"><subfield code="a">4143</subfield><subfield code="b">W2</subfield></datafield><datafield ind1="0" ind2=" " tag="130"><subfield code="a">Lake City graphic (Lake City, Minn. : 1882)</subfield></datafield><datafield ind1="1" ind2="4" tag="245"><subfield code="a">The Lake City graphic.</subfield></datafield><datafield ind1=" " ind2=" " tag="260"><subfield code="a">Lake City, Minn. :</subfield><subfield code="b">Russell &amp; Smith,</subfield><subfield code="c">1882-1887.</subfield></datafield><datafield ind1=" " ind2=" " tag="300"><subfield code="a">v.</subfield></datafield><datafield ind1=" " ind2=" " tag="310"><subfield code="a">Weekly</subfield></datafield><datafield ind1="0" ind2=" " tag="362"><subfield code="a">Vol. 1, no. 1 (Sept. 12, 1882)-v. 5, no. 52 (Aug. 30, 1887).</subfield></datafield><datafield ind1=" " ind2=" " tag="530"><subfield code="a">Available on microfilm from the Minnesota Historical Society.</subfield></datafield><datafield ind1=" " ind2="0" tag="651"><subfield code="a">Lake City (Wabasha County and Goodhue County, Minn.)</subfield><subfield code="v">Newspapers.</subfield></datafield><datafield ind1=" " ind2="7" tag="655"><subfield code="a">Newspapers.</subfield><subfield code="2">fast</subfield><subfield code="0">(OCoLC)fst01423814</subfield></datafield><datafield ind1=" " ind2="7" tag="651"><subfield code="a">Minnesota</subfield><subfield code="z">Lake City (Wabasha County and Goodhue County)</subfield><subfield code="2">fast</subfield><subfield code="0">(OCoLC)fst01331521</subfield></datafield><datafield ind1=" " ind2=" " tag="752"><subfield code="a">United States</subfield><subfield code="b">Minnesota</subfield><subfield code="c">Wabasha</subfield><subfield code="d">Lake City.</subfield></datafield><datafield ind1="0" ind2="0" tag="780"><subfield code="t">Review (Lake City, Minn.)</subfield><subfield code="w">(DLC)sn 89064801</subfield></datafield><datafield ind1="0" ind2="7" tag="785"><subfield code="t">Sentinel (Lake City, Minn. : 1882)</subfield><subfield code="w">(DLC)sn 87070041</subfield></datafield><datafield ind1="0" ind2="7" tag="785"><subfield code="t">Graphic sentinel</subfield><subfield code="w">(DLC)sn 89064794</subfield><subfield code="w">(OCoLC)1714100</subfield></datafield></record>